@article{PhysRevC.58.1671,
  title = {Methods for analyzing anisotropic flow in relativistic nuclear collisions},
  author = {Poskanzer, A. M. and Voloshin, S. A.},
  journal = {Phys. Rev. C},
  volume = {58},
  issue = {3},
  pages = {1671--1678},
  numpages = {0},
  year = {1998},
  month = {Sep},
  publisher = {American Physical Society},
  doi = {10.1103/PhysRevC.58.1671},
  url = {http://link.aps.org/doi/10.1103/PhysRevC.58.1671}
}
