@article{ROSER200223,
title = "RHIC performance",
journal = "Nuclear Physics A",
volume = "698",
number = "1",
pages = "23 - 28",
year = "2002",
note = "",
issn = "0375-9474",
doi = "http://dx.doi.org/10.1016/S0375-9474(01)01345-8",
url = "http://www.sciencedirect.com/science/article/pii/S0375947401013458",
author = "T. Roser",

}

@article{PhysRevLett.115.142301,
  title = {Measurements of Elliptic and Triangular Flow in High-Multiplicity $^{3}\mathrm{He}+\mathrm{Au}$ Collisions at $\sqrt{{s}_{NN}}=200\text{  }\mathrm{GeV}$},
  author = {Adare, A. et al},
  collaboration = {PHENIX Collaboration},
  journal = {Phys. Rev. Lett.},
  volume = {115},
  issue = {14},
  pages = {142301},
  numpages = {9},
  year = {2015},
  month = {Sep},
  publisher = {American Physical Society},
  doi = {10.1103/PhysRevLett.115.142301},
  url = {http://link.aps.org/doi/10.1103/PhysRevLett.115.142301}
}

@article{Fermi01071950,
author = {Fermi, Enrico}, 
title = {High Energy Nuclear Events},
volume = {5}, 
number = {4}, 
pages = {570-583}, 
year = {1950}, 
doi = {10.1143/ptp/5.4.570}, 
abstract ={A statistical method for computing high energy collisions of protons with multiple production of particles is discussed. The method consists in assuming that as a result of fairly strong interactions between nucleons and mesons the probabilities of formation of the various possible numbers of particles are determined essentially by the statistical weights of the various possibilities.}, 
URL = {http://ptp.oxfordjournals.org/content/5/4/570.abstract}, 
eprint = {http://ptp.oxfordjournals.org/content/5/4/570.full.pdf+html}, 
journal = {Progress of Theoretical Physics} 
}

@article{CA_spectro,
journal = "Nucl.Instrum.Meth",
volume = "A482",
year = "2002",
pages = "491-512",
title = "Event reconstruction in the \{PHENIX\} central arm spectrometers"
autor = "K. Adcox et al"
}

@article{BNL_Run15_Operations,
title = "RHIC operations with asymmetric collisions in 2015",
autor = "C. Liu et al",
url = "http://www.agsrhichome.bnl.gov/RHIC/Runs/RhicRun15pA2.pdf",
year = "2015"
}

@article{PhysRevC.58.1671,
  title = {Methods for analyzing anisotropic flow in relativistic nuclear collisions},
  author = {Poskanzer, A. M. and Voloshin, S. A.},
  journal = {Phys. Rev. C},
  volume = {58},
  issue = {3},
  pages = {1671--1678},
  numpages = {0},
  year = {1998},
  month = {Sep},
  publisher = {American Physical Society},
  doi = {10.1103/PhysRevC.58.1671},
  url = {http://link.aps.org/doi/10.1103/PhysRevC.58.1671}
}

@article{Adcox2003469,
title = "\{PHENIX\} detector overview ",
journal = "Nuclear Instruments and Methods in Physics Research Section A: Accelerators, Spectrometers, Detectors and Associated Equipment ",
volume = "499",
number = "2?3",
pages = "469 - 479",
year = "2003",
note = "The Relativistic Heavy Ion Collider Project: \{RHIC\} and its Detectors ",
issn = "0168-9002",
doi = "http://dx.doi.org/10.1016/S0168-9002(02)01950-2",
url = "http://www.sciencedirect.com/science/article/pii/S0168900202019502",
author = "K. Adcox et al.",
keywords = "RHIC",
keywords = "PHENIX",
keywords = "Heavy ions",
keywords = "Spectrometer "
}

@Article{Habich:2014jna,
author="Habich, M.
and Nagle, J. L.
and Romatschke, P.",
title="Particle spectra and HBT radii for simulated central nuclear collisions of C+C, Al+Al, Cu+Cu, Au+Au, and Pb+Pb from Sqrt(s)=62.4-2760 GeV",
journal="The European Physical Journal C",
year="2015",
volume="75",
number="1",
pages="15",
issn="1434-6052",
doi="10.1140/epjc/s10052-014-3206-7",
url="http://dx.doi.org/10.1140/epjc/s10052-014-3206-7"
}


@article{Aidala201444,
title = "The \{PHENIX\} Forward Silicon Vertex Detector ",
journal = "Nuclear Instruments and Methods in Physics Research Section A: Accelerators, Spectrometers, Detectors and Associated Equipment ",
volume = "755",
number = "",
pages = "44 - 61",
year = "2014",
note = "",
issn = "0168-9002",
doi = "http://dx.doi.org/10.1016/j.nima.2014.04.017",
url = "http://www.sciencedirect.com/science/article/pii/S0168900214004124",
author = "C. Aidala et al",
keywords = "RHIC",
keywords = "PHENIX",
keywords = "FVTX",
keywords = "Silicon detector "
}

@article{PhysRevC.58.1671,
title = {Methods for analyzing anisotropic flow in relativistic nuclear collisions},
author = {Poskanzer, A. M. and Voloshin, S. A.},
journal = {Phys. Rev. C},
 volume = {58},
issue = {3},
 pages = {1671--1678},
 numpages = {0},
 year = {1998},
 month = {Sep},
 publisher = {American Physical Society},
 doi = {10.1103/PhysRevC.58.1671},
 url = {http://link.aps.org/doi/10.1103/PhysRevC.58.1671}
}

@article{fedotov2007progress,
 title={Progress of high-energy electron cooling for RHIC},
 author={Fedotov, A}
 book = "Proc. of COOL07 (MOM2103)"
 year = "2007"
}
